<?xml version="1.0" encoding="UTF-8"?>
<marc:record xmlns:marc="http://www.loc.gov/MARC21/slim" xmlns:xsi="http://www.w3.org/2001/XMLSchema-instance" xsi:schemaLocation="http://www.loc.gov/MARC21/slim http://www.loc.gov/standards/marcxml/schema/MARC21slim.xsd">
<marc:leader>00620nkm a22     7a 4500</marc:leader>
<marc:controlfield tag="001">1481443</marc:controlfield>
<marc:controlfield tag="003">NL-AMISG</marc:controlfield>
<marc:controlfield tag="005">20131209114249.0</marc:controlfield>
<marc:controlfield tag="008">130923s1983    ne                  dut d</marc:controlfield>
<marc:datafield ind1=" " ind2=" " tag="040">
<marc:subfield code="a">NL-AMISG</marc:subfield>
</marc:datafield>
<marc:datafield ind1="1" ind2=" " tag="100">
<marc:subfield code="a">Romeyn, Kees,</marc:subfield>
<marc:subfield code="e">engraver</marc:subfield>
<marc:subfield code="0">(NL-AMISG)2010419</marc:subfield>
</marc:datafield>
<marc:datafield ind1="1" ind2="0" tag="245">
<marc:subfield code="k">Visual document.</marc:subfield>
</marc:datafield>
<marc:datafield ind1=" " ind2=" " tag="260">
<marc:subfield code="c">1983</marc:subfield>
</marc:datafield>
<marc:datafield ind1=" " ind2=" " tag="300">
<marc:subfield code="g">Hout- of linoleumsnede; 56x36 cm.</marc:subfield>
</marc:datafield>
<marc:datafield ind1=" " ind2=" " tag="500">
<marc:subfield code="a">Verdere tekst: 'Solo el pueblo salva al pueblo'. Voor een afdruk in zwart zie BG D82/764.</marc:subfield>
</marc:datafield>
<marc:datafield ind1=" " ind2=" " tag="540">
<marc:subfield code="a">Copyright unknown.</marc:subfield>
</marc:datafield>
<marc:datafield ind1=" " ind2=" " tag="542">
<marc:subfield code="m">closed</marc:subfield>
</marc:datafield>
<marc:datafield ind1="2" ind2="4" tag="611">
<marc:subfield code="a">Campaign on Nicaragua.</marc:subfield>
<marc:subfield code="d">(1983)</marc:subfield>
<marc:subfield code="0">(NL-AMISG)398100</marc:subfield>
</marc:datafield>
<marc:datafield ind1=" " ind2="4" tag="648">
<marc:subfield code="a">1983-1983</marc:subfield>
<marc:subfield code="0">(NL-AMISG)2000970</marc:subfield>
</marc:datafield>
<marc:datafield ind1=" " ind2="4" tag="650">
<marc:subfield code="a">Solidarity movements.</marc:subfield>
<marc:subfield code="0">(NL-AMISG)370633</marc:subfield>
</marc:datafield>
<marc:datafield ind1=" " ind2="4" tag="651">
<marc:subfield code="a">Nicaragua.</marc:subfield>
<marc:subfield code="0">(NL-AMISG)288403</marc:subfield>
</marc:datafield>
<marc:datafield ind1=" " ind2="4" tag="655">
<marc:subfield code="a">Print.</marc:subfield>
<marc:subfield code="0">(NL-AMISG)262665</marc:subfield>
</marc:datafield>
<marc:datafield ind1="2" ind2=" " tag="710">
<marc:subfield code="a">Februari Collectief,</marc:subfield>
<marc:subfield code="e">collector.</marc:subfield>
<marc:subfield code="0">(NL-AMISG)2009365</marc:subfield>
</marc:datafield>
<marc:datafield ind1="4" ind2=" " tag="852">
<marc:subfield code="a">IISG</marc:subfield>
<marc:subfield code="b">IISG</marc:subfield>
<marc:subfield code="c">IISG</marc:subfield>
<marc:subfield code="j">BG D82/763</marc:subfield>
<marc:subfield code="n">Available</marc:subfield>
<marc:subfield code="p">30051003218630</marc:subfield>
</marc:datafield>
<marc:datafield ind1=" " ind2=" " tag="901">
<marc:subfield code="a">1481443</marc:subfield>
<marc:subfield code="b"/>
<marc:subfield code="c">1481443</marc:subfield>
<marc:subfield code="t">biblio</marc:subfield>
</marc:datafield>
<marc:datafield ind1=" " ind2=" " tag="902">
<marc:subfield code="a">10622/669BFE9B-C6BE-40C5-A8F1-E87E9AE8A878</marc:subfield>
</marc:datafield></marc:record>